@article{Cooley1969,
  title={The fast Fourier transform and its applications},
  author={Cooley, James W and Lewis, Peter AW and Welch, Peter D},
  journal={IEEE Transactions on Education},
  volume={12},
  number={1},
  pages={27--34},
  year={1969},
  publisher={IEEE}
}

@article{Wettimuny2004,
author = {Ramitha Wettimuny  and Dayakar Penumadu },
title = {Application of Fourier Analysis to Digital Imaging for Particle Shape Analysis},
journal = {Journal of Computing in Civil Engineering},
volume = {18},
number = {1},
pages = {2-9},
year = {2004},
doi = {10.1061/(ASCE)0887-3801(2004)18:1(2)}
}

@article{Nogata2012,
  title={Audio-visual based recognition of auscultatory heart sounds with Fourier and wavelet analyses},
  author={Nogata, Fumio and Yokota, Yasunai and Kawanura, Yoko and Morita, Hiroyuki and Uno, Yoshiyuki and Walsh, WR},
  journal={Global Journal of Technology \& Optimization},
  volume={3},
  number={1},
  pages={43--48},
  year={2012}
}

@article{Vadeiadis2020,
title = {Audio content analysis for unobtrusive event detection in smart homes},
journal = {Engineering Applications of Artificial Intelligence},
volume = {89},
pages = {103226},
year = {2020},
issn = {0952-1976},
doi = {https://doi.org/10.1016/j.engappai.2019.08.020},
url = {https://www.sciencedirect.com/science/article/pii/S0952197619302052},
author = {Anastasios Vafeiadis and Konstantinos Votis and Dimitrios Giakoumis and Dimitrios Tzovaras and Liming Chen and Raouf Hamzaoui}
}

@article{Hu1992,
title = {Simulation of 3-D random rough surface by 2-D digital filter and fourier analysis},
journal = {International Journal of Machine Tools and Manufacture},
volume = {32},
number = {1},
pages = {83-90},
year = {1992},
note = {Proceedings of the 5th International Conference on Metrology and Properties of Engineering Surfaces},
issn = {0890-6955},
doi = {https://doi.org/10.1016/0890-6955(92)90064-N},
url = {https://www.sciencedirect.com/science/article/pii/089069559290064N},
author = {Y.Z. Hu and K. Tonder}
}

@conference{Tsakostas2007,
title = {Real-Time Spatial Representation of Moving Sound Sources},
author = {Tsakostas, Christos and Floros, Andreas},
booktitle = {Audio Engineering Society Convention 123},
month = {Oct},
year = {2007},
url = {https://www.aes.org/e-lib/browse.cfm?elib=14336}
}

@article{Oehler2023,
  title={IMPORTANCE OF HRTF PERSONALISATION FOR AUDIO RENDERING IN MUSIC-RELATED VIRTUAL ENVIRONMENTS},
  author={Oehler, Michael and Voong, Tray Minh and Regener, Marlon and da Costa, Maur{\i}cio do VM and Reuter, Christoph},
  year={2023}
}

@article{Orzechowski2019,
  title={Pricing Options on WIG20 through Black-Scholes-Merton Model Extensions Implemented with the Python Computer Language},
  year={2019},
  author={Orzechowski, Arkadiusz}
}

@Article{Zhu2023,
AUTHOR = {Zhu, Mai and Fu, Chong and Wang, Xingwei},
TITLE = {Semantic Segmentation of Medical Images Based on Runge–Kutta Methods},
JOURNAL = {Bioengineering},
VOLUME = {10},
YEAR = {2023},
NUMBER = {5},
ARTICLE-NUMBER = {506},
URL = {https://www.mdpi.com/2306-5354/10/5/506},
ISSN = {2306-5354},
DOI = {10.3390/bioengineering10050506}
}

@article{Asri2021,
doi = {10.1088/1742-6596/1899/1/012090},
url = {https://dx.doi.org/10.1088/1742-6596/1899/1/012090},
year = {2021},
month = {may},
publisher = {IOP Publishing},
volume = {1899},
number = {1},
pages = {012090},
author = {M Asri and S Sidjara and W Sanusi and S Side and M I Pratama},
title = {Analysis and Solution of The SEIRS Model for The Rubella Transmission with Vaccination Effect using Runge-Kutta Method},
journal = {Journal of Physics: Conference Series}
}

@inproceedings{Karim2018,
  title={Data interpolation using Runge Kutta method},
  author={Karim, Samsul Ariffin Abdul and Ismail, Mohd Tahir and Hasan, Mohammad Khatim and Sulaiman, Jumat},
  booktitle={AIP Conference Proceedings},
  volume={1974},
  number={1},
  year={2018},
  organization={AIP Publishing}
}

@article{Jday2023,
url = {https://doi.org/10.1515/jiip-2020-0014},
title = {Adaptive Runge–Kutta regularization for a Cauchy problem of a modified Helmholtz equation},
title = {},
author = {Fadhel Jday and Haithem Omri},
pages = {351--374},
volume = {31},
number = {3},
journal = {Journal of Inverse and Ill-posed Problems},
doi = {doi:10.1515/jiip-2020-0014},
year = {2023},
lastchecked = {2024-04-28}
}

@article{Naja2022,
  title={Adaptive Numerical Method for Approximation of Traffic Flow Equations},
  author={Najafzadeh, Neda and Abbasbandy, Saeid and Shivanian, Elyas and others},
  journal={Journal of Advanced Transportation},
  volume={2022},
  year={2022},
  publisher={Hindawi}
}

@article{Lighthill1955,
  title={On kinematic waves II. A theory of traffic flow on long crowded roads},
  author={Lighthill, Michael James and Whitham, Gerald Beresford},
  journal={Proceedings of the royal society of london. series a. mathematical and physical sciences},
  volume={229},
  number={1178},
  pages={317--345},
  year={1955},
  publisher={The Royal Society London}
}

@article{Nagatani2002,
  title={The physics of traffic jams},
  author={Nagatani, Takashi},
  journal={Reports on progress in physics},
  volume={65},
  number={9},
  pages={1331},
  year={2002},
  publisher={IOP Publishing}
}

@article{Wang2018,
  title={An efficient split-step quasi-compact finite difference method for the nonlinear fractional Ginzburg--Landau equations},
  author={Wang, Nan and Huang, Chengming},
  journal={Computers \& Mathematics with Applications},
  volume={75},
  number={7},
  pages={2223--2242},
  year={2018},
  publisher={Elsevier}
}

@article{Aranson2002,
  title={The world of the complex Ginzburg-Landau equation},
  author={Aranson, Igor S and Kramer, Lorenz},
  journal={Reviews of modern physics},
  volume={74},
  number={1},
  pages={99},
  year={2002},
  publisher={APS}
}

@article{Hochbruck2005,
  title={Exponential Runge--Kutta methods for parabolic problems},
  author={Hochbruck, Marlis and Ostermann, Alexander},
  journal={Applied Numerical Mathematics},
  volume={53},
  number={2-4},
  pages={323--339},
  year={2005},
  publisher={Elsevier}
}

@article{Hochbruck2010,
  title={Exponential integrators},
  author={Hochbruck, Marlis and Ostermann, Alexander},
  journal={Acta Numerica},
  volume={19},
  pages={209--286},
  year={2010},
  publisher={Cambridge University Press}
}

@article{Sherdor2023,
  title={APPLICATION OF SPECIAL INTEGRALS TO ECONOMICS: A COMPREHENSIVE OVERVIEW},
  author={Sherdor, Akhmedov and Sh, Djabarov},
  year={2023}
}

@Article{Tarasov2019,
AUTHOR = {Tarasov, Vasily E.},
TITLE = {On History of Mathematical Economics: Application of Fractional Calculus},
JOURNAL = {Mathematics},
VOLUME = {7},
YEAR = {2019},
NUMBER = {6},
ARTICLE-NUMBER = {509},
URL = {https://www.mdpi.com/2227-7390/7/6/509},
ISSN = {2227-7390},
DOI = {10.3390/math7060509}
}

@article{Ross1977,
  title={Fractional calculus},
  author={Ross, Bertram},
  journal={Mathematics Magazine},
  volume={50},
  number={3},
  pages={115--122},
  year={1977},
  publisher={Taylor \& Francis}
}

@article{Rogen2003,
  title={Automatic classification of protein structure by using Gauss integrals},
  author={R{\o}gen, Peter and Fain, Boris},
  journal={Proceedings of the National Academy of Sciences},
  volume={100},
  number={1},
  pages={119--124},
  year={2003},
  publisher={National Acad Sciences}
}

@book{Fourier1888,
  title={Th{\'e}orie analytique de la chaleur},
  author={Fourier, Jean Baptiste Joseph},
  volume={1},
  year={1888},
  publisher={Gauthier-Villars}
}