@article{DormandPrince1980,
    author = {Dormand, J. R. and Prince, P. J.},
    title = {A family of embedded Runge-Kutta formulae},
    journal = {Journal of Computational and Applied Mathematics},
    volume = {6},
    issue = {1},
    pages = {19-26},
    year = {1980}
}